@article{Hoeffding,
  author      = {Wassily Hoeffding},
  title       = {Probability inequalities for sums of bounded random variables},
  journal     = {Journal of the American Statistical Association},
  volume      = {58},
  pages       = {13--30},
  year        = {1963},
}

@article{ailon2014reducing,
  title={Reducing dueling bandits to cardinal bandits},
  author={Ailon, Nir and Joachims, Thorsten and Karnin, Zohar},
  journal={arXiv preprint arXiv:1405.3396},
  year={2014}
}

@article{lai1985asymptotically,
  title={Asymptotically efficient adaptive allocation rules},
  author={Lai, Tze Leung and Robbins, Herbert},
  journal={Advances in applied mathematics},
  volume={6},
  number={1},
  pages={4--22},
  year={1985},
  publisher={Elsevier}
}

@inproceedings{lu2010contextual,
  title={Contextual multi-armed bandits},
  author={Lu, Tyler and P{\'a}l, D{\'a}vid and P{\'a}l, Martin},
  booktitle={International Conference on Artificial Intelligence and Statistics},
  pages={485--492},
  year={2010}
}

@inproceedings{agrawal2009diversifying,
  title={Diversifying search results},
  author={Agrawal, Rakesh and Gollapudi, Sreenivas and Halverson, Alan and Ieong, Samuel},
  booktitle={Proceedings of the Second ACM International Conference on Web Search and Data Mining},
  pages={5--14},
  year={2009},
  organization={ACM}
}

@inproceedings{hofmann2011contextual,
  title={Contextual bandits for information retrieval},
  author={Hofmann, Katja and Whiteson, Shimon and de Rijke, Maarten},
  booktitle={NIPS 2011 Workshop on Bayesian Optimization, Experimental Design, and Bandits, Granada},
  volume={12},
  pages={2011},
  year={2011}
}

@article{slivkins2010ranked,
  title={Ranked bandits in metric spaces: learning optimally diverse rankings over large document collections},
  author={Slivkins, Aleksandrs and Radlinski, Filip and Gollapudi, Sreenivas},
  journal={arXiv preprint arXiv:1005.5197},
  year={2010}
}

@article{yuan2013adaptive,
  title={Adaptive keywords extraction with contextual bandits for advertising on parked domains},
  author={Yuan, Shuai and Wang, Jun and van der Meer, Maurice},
  journal={arXiv preprint arXiv:1307.3573},
  year={2013}
}

@inproceedings{chakrabarti2009mortal,
  title={Mortal multi-armed bandits},
  author={Chakrabarti, Deepayan and Kumar, Ravi and Radlinski, Filip and Upfal, Eli},
  booktitle={Advances in Neural Information Processing Systems},
  pages={273--280},
  year={2009}
}

@inproceedings{li2011unbiased,
  title={Unbiased offline evaluation of contextual-bandit-based news article recommendation algorithms},
  author={Li, Lihong and Chu, Wei and Langford, John and Wang, Xuanhui},
  booktitle={Proceedings of the fourth ACM international conference on Web search and data mining},
  pages={297--306},
  year={2011},
  organization={ACM}
}
@inproceedings{radlinski2008learning,
  title={Learning diverse rankings with multi-armed bandits},
  author={Radlinski, Filip and Kleinberg, Robert and Joachims, Thorsten},
  booktitle={Proceedings of the 25th international conference on Machine learning},
  pages={784--791},
  year={2008},
  organization={ACM}
}

@inproceedings{radlinski2008does,
  title={How does clickthrough data reflect retrieval quality?},
  author={Radlinski, Filip and Kurup, Madhu and Joachims, Thorsten},
  booktitle={Proceedings of the 17th ACM conference on Information and knowledge management},
  pages={43--52},
  year={2008},
  organization={ACM}
}

@inproceedings{rusmevichientong2006adaptive,
  title={An adaptive algorithm for selecting profitable keywords for search-based advertising services},
  author={Rusmevichientong, Paat and Williamson, David P},
  booktitle={Proceedings of the 7th ACM Conference on Electronic Commerce},
  pages={260--269},
  year={2006},
  organization={ACM}
}

@inproceedings{li2010contextual,
  title={A contextual-bandit approach to personalized news article recommendation},
  author={Li, Lihong and Chu, Wei and Langford, John and Schapire, Robert E},
  booktitle={Proceedings of the 19th international conference on World wide web},
  pages={661--670},
  year={2010},
  organization={ACM}
}

@article{auer2002finite,
  title={Finite-time analysis of the multiarmed bandit problem},
  author={Auer, Peter and Cesa-Bianchi, Nicolo and Fischer, Paul},
  journal={Machine learning},
  volume={47},
  number={2-3},
  pages={235--256},
  year={2002},
  publisher={Springer}
}

@article{auer2010ucb,
  title={UCB revisited: Improved regret bounds for the stochastic multi-armed bandit problem},
  author={Auer, Peter and Ortner, Ronald},
  journal={Periodica Mathematica Hungarica},
  volume={61},
  number={1-2},
  pages={55--65},
  year={2010},
  publisher={Springer}
}

@article{thompson1933likelihood,
  title={On the likelihood that one unknown probability exceeds another in view of the evidence of two samples},
  author={Thompson, William R},
  journal={Biometrika},
  pages={285--294},
  year={1933},
  publisher={JSTOR}
}

@article{agrawal2011analysis,
  title={Analysis of Thompson sampling for the multi-armed bandit problem},
  author={Agrawal, Shipra and Goyal, Navin},
  journal={arXiv preprint arXiv:1111.1797},
  year={2011}
}

@article{agrawal2012further,
  title={Further optimal regret bounds for Thompson sampling},
  author={Agrawal, Shipra and Goyal, Navin},
  journal={arXiv preprint arXiv:1209.3353},
  year={2012}
}

@article{yue2012k,
  title={The k-armed dueling bandits problem},
  author={Yue, Yisong and Broder, Josef and Kleinberg, Robert and Joachims, Thorsten},
  journal={Journal of Computer and System Sciences},
  volume={78},
  number={5},
  pages={1538--1556},
  year={2012},
  publisher={Elsevier}
}

@inproceedings{yue2009interactively,
  title={Interactively optimizing information retrieval systems as a dueling bandits problem},
  author={Yue, Yisong and Joachims, Thorsten},
  booktitle={Proceedings of the 26th Annual International Conference on Machine Learning},
  pages={1201--1208},
  year={2009},
  organization={ACM}
}

@inproceedings{yue2011beat,
  title={Beat the mean bandit},
  author={Yue, Yisong and Joachims, Thorsten},
  booktitle={Proceedings of the 28th International Conference on Machine Learning (ICML-11)},
  pages={241--248},
  year={2011}
}

@inproceedings{urvoy2013generic,
  title={Generic exploration and k-armed voting bandits},
  author={Urvoy, Tanguy and Clerot, Fabrice and F{\'e}raud, Raphael and Naamane, Sami},
  booktitle={Proceedings of the 30th International Conference on Machine Learning (ICML-13)},
  pages={91--99},
  year={2013}
}

@article{zoghi2013relative,
  title={Relative upper confidence bound for the K-armed dueling bandit problem},
  author={Zoghi, Masrour and Whiteson, Shimon and Munos, Remi and de Rijke, Maarten},
  journal={arXiv preprint arXiv:1312.3393},
  year={2013}
}

@inproceedings{zoghi2014relative,
  title={Relative confidence sampling for efficient on-line ranker evaluation},
  author={Zoghi, Masrour and Whiteson, Shimon A and de Rijke, Maarten and Munos, Remi},
  booktitle={Proceedings of the 7th ACM international conference on Web search and data mining},
  pages={73--82},
  year={2014},
  organization={ACM}
}

@article{hofmann2013fidelity,
  title={Fidelity, soundness, and efficiency of interleaved comparison methods},
  author={Hofmann, Katja and Whiteson, Shimon and Rijke, Maarten De},
  journal={ACM Transactions on Information Systems (TOIS)},
  volume={31},
  number={4},
  pages={17},
  year={2013},
  publisher={ACM}
}

@book{manning2008introduction,
  title={Introduction to information retrieval},
  author={Manning, Christopher D and Raghavan, Prabhakar and Sch{\"u}tze, Hinrich and others},
  volume={1},
  year={2008},
  publisher={Cambridge university press Cambridge}
}

@article{black1948rationale,
  title={On the rationale of group decision-making},
  author={Black, Duncan},
  journal={The Journal of Political Economy},
  pages={23--34},
  year={1948},
  publisher={JSTOR}
}